00585cas a22002291a 4500
001 999304493502836
003 Nz
005 20220202152355.0
008 040108d1968uuuunz wr ne      0   a0eng d
035    $a (NLNZils)930449
035    $a (Nz)8171148
035    $a (NLNZils)930449-ilsdb
035    $a (OCoLC)173422076
040    $a WN $c WN
042    $a nznb
043    $a u-nz---
245 00 $a New ribbon news-pictorial.
260    $a [Papakura, N.Z. : $b s.n., $c 1968-?]
310    $a Weekly
362 0  $a 1968 May 20-?
655  7 $a New Zealand newspapers. $2 local $5 Nz
780 00 $t Ribbon news-pictorial
